@article{barber2023,
	title = {Conformal prediction beyond exchangeability},
	author = {Barber, Rina Foygel and {Cand√®s}, Emmanuel J. and Ramdas, Aaditya and Tibshirani, Ryan J.},
	year = {2023},
	month = {04},
	date = {2023-04-01},
	journal = {The Annals of Statistics},
	volume = {51},
	number = {2},
	doi = {10.1214/23-aos2276},
	url = {http://dx.doi.org/10.1214/23-AOS2276}
}
@article{stankeviciute2021,
  title={Conformal time-series forecasting},
  author={Stankeviciute, Kamile and M Alaa, Ahmed and van der Schaar, Mihaela},
  journal={Advances in Neural Information Processing Systems},
  volume={34},
  pages={6216--6228},
  year={2021}
}
@article{vovk2013,
	title = {Cross-conformal predictors},
	author = {Vovk, Vladimir},
	year = {2013},
	month = {07},
	date = {2013-07-10},
	journal = {Annals of Mathematics and Artificial Intelligence},
	pages = {9--28},
	volume = {74},
	number = {1-2},
	doi = {10.1007/s10472-013-9368-4},
	url = {http://dx.doi.org/10.1007/s10472-013-9368-4},
	langid = {en}
}
