@inproceedings{papadopoulos2002,
  title={Inductive confidence machines for regression},
  author={Papadopoulos, Harris and Proedrou, Kostas and Vovk, Volodya and Gammerman, Alex},
  booktitle={Machine Learning: ECML 2002: 13th European Conference on Machine Learning Helsinki, Finland, August 19--23, 2002 Proceedings 13},
  pages={345--356},
  year={2002},
  organization={Springer}
}

@book{vovk2005,
	title = {Algorithmic Learning in a Random World},
	author = {Vovk, Vladimir and Gammerman, Alexander and Shafer, Glenn},
	year = {2005},
	publisher = {Springer-Verlag},
	doi = {10.1007/b106715},
	url = {http://dx.doi.org/10.1007/b106715}
}

@article{lei2018,
  title={Distribution-free predictive inference for regression},
  author={Lei, Jing and Gâ€™Sell, Max and Rinaldo, Alessandro and Tibshirani, Ryan J and Wasserman, Larry},
  journal={Journal of the American Statistical Association},
  volume={113},
  number={523},
  pages={1094--1111},
  year={2018},
  publisher={Taylor \& Francis}
}

@article{patton2007,
  title={Properties of optimal forecasts under asymmetric loss and nonlinearity},
  author={Patton, Andrew J and Timmermann, Allan},
  journal={Journal of Econometrics},
  volume={140},
  number={2},
  pages={884--918},
  year={2007},
  publisher={Elsevier}
}

@article{barber2023,
	title = {Conformal prediction beyond exchangeability},
	author = {Barber, Rina Foygel and Cand{\`e}s, Emmanuel J. and Ramdas, Aaditya and Tibshirani, Ryan J.},
	year = {2023},
	month = {04},
	date = {2023-04-01},
	journal = {The Annals of Statistics},
	volume = {51},
	number = {2},
	doi = {10.1214/23-aos2276},
	url = {http://dx.doi.org/10.1214/23-AOS2276}
}

@article{gibbs2021,
  title = {Adaptive conformal inference under distribution shift},
  author = {Gibbs, Isaac and Cand{\`e}s, Emmanuel},
  journal = {Advances in Neural Information Processing Systems},
  volume = {34},
  pages = {1660--1672},
  year = {2021}
}

@inproceedings{zaffran2022,
  title={Adaptive conformal predictions for time series},
  author={Zaffran, Margaux and F{\'e}ron, Olivier and Goude, Yannig and Josse, Julie and Dieuleveut, Aymeric},
  booktitle={International Conference on Machine Learning},
  pages={25834--25866},
  year={2022},
  organization={PMLR}
}

@article{bastani2022,
  title={Practical adversarial multivalid conformal prediction},
  author={Bastani, Osbert and Gupta, Varun and Jung, Christopher and Noarov, Georgy and Ramalingam, Ramya and Roth, Aaron},
  journal={Advances in Neural Information Processing Systems},
  volume={35},
  pages={29362--29373},
  year={2022}
}

@article{gibbs2024,
  title={Conformal inference for online prediction with arbitrary distribution shifts},
  author={Gibbs, Isaac and Cand{\`e}s, Emmanuel J},
  journal={Journal of Machine Learning Research},
  volume={25},
  number={162},
  pages={1--36},
  year={2024}
}

@article{angelopoulos2024,
  title={Conformal PID control for time series prediction},
  author={Angelopoulos, Anastasios N. and Cand{\`e}s, Emmanuel J. and Tibshirani, Ryan J.},
  journal={Advances in Neural Information Processing Systems},
  volume={36},
  year={2024}
}

@incollection{diebold1996,
  title={Forecast evaluation and combination},
  author={Diebold, Francis X and Lopez, Jose A},
  series={Handbook of Statistics},
  publisher={Elsevier},
  volume={14},
  pages={241-268},
  year={1996},
  booktitle={Statistical Methods in Finance},
  issn={0169-7161},
  doi={https://doi.org/10.1016/S0169-7161(96)14010-4}
}

@article{harvey1997,
  title={Testing the equality of prediction mean squared errors},
  author={Harvey, David and Leybourne, Stephen and Newbold, Paul},
  journal={International Journal of Forecasting},
  volume={13},
  number={2},
  pages={281--291},
  year={1997},
  publisher={Elsevier}
}

@book{diebold2017,
  title={Forecasting},
  author={Diebold, Francis X},
  year={2017},
  publisher={Department of Economics, University of Pennsylvania},
  url = {http://www.ssc.upenn.edu/~fdiebold/Textbooks.html}
}

@phdthesis{sommer2023,
  title={Forecasting and decision-making for empty container repositioning},
  author={Sommer, Benedikt},
  year={2023},
  publisher={Technical University of Denmark}
}

@manual{hyndman2024,
  title  = {forecast: Forecasting functions for time series and linear models},
  author = {Hyndman, Rob J and Athanasopoulos, George and Bergmeir, Christoph
            and Caceres, Gabriel and Chhay, Leanne and O'Hara-Wild, Mitchell
            and Petropoulos, Fotios and Razbash, Slava and Wang, Earo
            and Yasmeen, Farah},
  year   = 2023,
  note   = {R package version 8.22.0},
  url    = {https://pkg.robjhyndman.com/forecast/}}
}

@article{winkler1972,
  title={A decision-theoretic approach to interval estimation},
  author={Winkler, Robert L},
  journal={Journal of the American Statistical Association},
  volume={67},
  number={337},
  pages={187--191},
  year={1972},
  publisher={Taylor \& Francis}
}

@book{hyndman2021,
  title     = {Forecasting: principles and practice},
  author    = {Hyndman, Rob J and Athanasopoulos, George},
  year      = 2021,
  edition   = {3rd},
  publisher = {OTexts},
  address   = {Melbourne, Australia},
  note      = {\url{https://OTexts.com/fpp3}}
}

@article{yu2022,
  title={Nonparametric estimation and conformal inference of the sufficient forecasting with a diverging number of factors},
  author={Yu, Xiufan and Yao, Jiawei and Xue, Lingzhou},
  journal={Journal of Business \& Economic Statistics},
  volume={40},
  number={1},
  pages={342--354},
  year={2022},
  publisher={Taylor \& Francis}
}

@article{lei2021,
  title={Conformal inference of counterfactuals and individual treatment effects},
  author={Lei, Lihua and Cand{\`e}s, Emmanuel J},
  journal={Journal of the Royal Statistical Society Series B: Statistical Methodology},
  volume={83},
  number={5},
  pages={911--938},
  year={2021},
  publisher={Oxford University Press}
}

@article{lei2014,
  title={Distribution-free prediction bands for non-parametric regression},
  author={Lei, Jing and Wasserman, Larry},
  journal={Journal of the Royal Statistical Society Series B: Statistical Methodology},
  volume={76},
  number={1},
  pages={71--96},
  year={2014},
  publisher={Oxford University Press}
}

@article{oliveira2024,
  title={Split Conformal Prediction and Non-Exchangeable Data},
  author={Oliveira, Roberto I and Orenstein, Paulo and Ramos, Thiago and Romano, Joao Vitor},
  journal={Journal of Machine Learning Research},
  volume={25},
  number={225},
  pages={1--38},
  year={2024}
}

@article{yang2024ts,
  title={Bellman Conformal Inference: Calibrating Prediction Intervals For Time Series},
  author={Yang, Zitong and Cand{\`e}s, Emmanuel and Lei, Lihua},
  journal={arXiv preprint arXiv:2402.05203},
  year={2024}
}

@article{shafer2008,
  title={A tutorial on conformal prediction.},
  author={Shafer, Glenn and Vovk, Vladimir},
  journal={Journal of Machine Learning Research},
  volume={9},
  number={3},
  year={2008}
}

@inproceedings{schlembach2022,
  title={Conformal multistep-ahead multivariate time-series forecasting},
  author={Schlembach, Filip and Smirnov, Evgueni and Koprinska, Irena},
  booktitle={Conformal and Probabilistic Prediction with Applications},
  pages={316--318},
  year={2022},
  organization={PMLR}
}

@inproceedings{xu2021,
  title={Conformal prediction interval for dynamic time-series},
  author={Xu, Chen and Xie, Yao},
  booktitle={International Conference on Machine Learning},
  pages={11559--11569},
  year={2021},
  organization={PMLR}
}

@article{guan2023,
  title={Localized conformal prediction: A generalized inference framework for conformal prediction},
  author={Guan, Leying},
  journal={Biometrika},
  volume={110},
  number={1},
  pages={33--50},
  year={2023},
  publisher={Oxford University Press}
}

@article{tibshirani2019,
  title={Conformal prediction under covariate shift},
  author={Tibshirani, Ryan J and Foygel Barber, Rina and Candes, Emmanuel and Ramdas, Aaditya},
  journal={Advances in Neural Information Processing Systems},
  volume={32},
  year={2019}
}

@inproceedings{xu2023,
  title={Sequential predictive conformal inference for time series},
  author={Xu, Chen and Xie, Yao},
  booktitle={International Conference on Machine Learning},
  pages={38707--38727},
  year={2023},
  organization={PMLR}
}

@inproceedings{chernozhukov2018,
  title={Exact and robust conformal inference methods for predictive machine learning with dependent data},
  author={Chernozhukov, Victor and W{\"u}thrich, Kaspar and Yinchu, Zhu},
  booktitle={Conference On learning theory},
  pages={732--749},
  year={2018},
  organization={PMLR}
}

@article{stankeviciute2021,
  title={Conformal time-series forecasting},
  author={Stankeviciute, Kamile and M Alaa, Ahmed and van der Schaar, Mihaela},
  journal={Advances in Neural Information Processing Systems},
  volume={34},
  pages={6216--6228},
  year={2021}
}

@article{barber2021,
  title={Predictive inference with the jackknife+},
  author={Barber, Rina Foygel and Candes, Emmanuel J and Ramdas, Aaditya and Tibshirani, Ryan J},
  journal={The Annuals of Statistics},
  volume={49},
  number={1},
  pages={486--507},
  year={2021}
}

@incollection{papadopoulos2008,
  title={Inductive conformal prediction: Theory and application to neural networks},
  author={Papadopoulos, Harris},
  booktitle={Tools in Artificial Intelligence},
  year={2008},
  pages={315--330},
  publisher={Citeseer}
}

@article{yang2024,
  title={Doubly robust calibration of prediction sets under covariate shift},
  author={Yang, Yachong and Kuchibhotla, Arun Kumar and Tchetgen Tchetgen, Eric},
  journal={Journal of the Royal Statistical Society Series B: Statistical Methodology},
  pages={qkae009},
  year={2024},
  publisher={Oxford University Press US}
}

@inproceedings{podkopaev2021,
  title={Distribution-free uncertainty quantification for classification under label shift},
  author={Podkopaev, Aleksandr and Ramdas, Aaditya},
  booktitle={Uncertainty in Artificial Intelligence},
  pages={844--853},
  year={2021},
  organization={PMLR}
}

@article{hore2023,
  title={Conformal prediction with local weights: randomization enables local guarantees},
  author={Hore, Rohan and Barber, Rina Foygel},
  journal={arXiv preprint arXiv:2310.07850},
  year={2023}
}

@inproceedings{bhatnagar2023,
  title={Improved online conformal prediction via strongly adaptive online learning},
  author={Bhatnagar, Aadyot and Wang, Huan and Xiong, Caiming and Bai, Yu},
  booktitle={International Conference on Machine Learning},
  pages={2337--2363},
  year={2023},
  organization={PMLR}
}

@article{garza2023,
  title={TimeGPT-1},
  author={Garza, Azul and Mergenthaler-Canseco, Max},
  journal={arXiv preprint arXiv:2310.03589},
  year={2023}
}

@article{mao2024,
  title={Valid model-free spatial prediction},
  author={Mao, Huiying and Martin, Ryan and Reich, Brian J},
  journal={Journal of the American Statistical Association},
  volume={119},
  number={546},
  pages={904--914},
  year={2024},
  publisher={Taylor \& Francis}
}

@article{sun2022,
  title={Copula conformal prediction for multi-step time series forecasting},
  author={Sun, Sophia and Yu, Rose},
  journal={arXiv preprint arXiv:2212.03281},
  year={2022}
}

@article{angelopoulos2024online,
  title={Online conformal prediction with decaying step sizes},
  author={Angelopoulos, Anastasios N and Barber, Rina Foygel and Bates, Stephen},
  journal={arXiv preprint arXiv:2402.01139},
  year={2024}
}
